
<marc:record><marc:leader>04277aam a2200469Ii 4500</marc:leader>
<marc:controlfield tag="001">001076022</marc:controlfield>
<marc:controlfield tag="005">20160926090654.0</marc:controlfield><marc:controlfield tag="008">160921s2015    mdu     ot   f000 0 eng d</marc:controlfield><marc:datafield tag="024" ind1="8" ind2=" "><marc:subfield code="a">GOVPUB-C13-0353deb555be1a558f57d6b82368ba75</marc:subfield></marc:datafield><marc:datafield tag="035" ind1=" " ind2=" "><marc:subfield code="a">(OCoLC)958885804</marc:subfield></marc:datafield><marc:datafield tag="040" ind1=" " ind2=" "><marc:subfield code="a">NBS</marc:subfield><marc:subfield code="b">eng</marc:subfield><marc:subfield code="e">pn</marc:subfield><marc:subfield code="e">rda</marc:subfield><marc:subfield code="c">NBS</marc:subfield><marc:subfield code="d">GPO</marc:subfield><marc:subfield code="d">NBS</marc:subfield></marc:datafield><marc:datafield tag="074" ind1=" " ind2=" "><marc:subfield code="a">0247 (online)</marc:subfield></marc:datafield><marc:datafield tag="086" ind1="0" ind2=" "><marc:subfield code="a">C 13.10:1175</marc:subfield></marc:datafield><marc:datafield tag="090" ind1=" " ind2=" "><marc:subfield code="a">QC100</marc:subfield><marc:subfield code="b">.U57 1175 2015</marc:subfield></marc:datafield><marc:datafield tag="100" ind1="1" ind2=" "><marc:subfield code="a">Prasad, Kuldeep.</marc:subfield></marc:datafield><marc:datafield tag="245" ind1="1" ind2="0"><marc:subfield code="a">Greenhouse gas emissions and dispersion :</marc:subfield><marc:subfield code="b">3. reducing uncertainty in estimating source strangth and location through plume inversion models /</marc:subfield><marc:subfield code="c">Kuldeep Prasad; Adam Pintar; Heming Hu; Israel Lopez-Coto; Dennis Ngo; James R. Whetstone.</marc:subfield></marc:datafield><marc:datafield tag="264" ind1=" " ind2="1"><marc:subfield code="a">Gaithersburg, MD :</marc:subfield><marc:subfield code="b">U.S. Dept. of Commerce, National Institute of Standards and Technology,</marc:subfield><marc:subfield code="c">2015.</marc:subfield></marc:datafield><marc:datafield tag="300" ind1=" " ind2=" "><marc:subfield code="a">1 online resource (28 pages) :</marc:subfield><marc:subfield code="b">illustrations (color).</marc:subfield></marc:datafield><marc:datafield tag="336" ind1=" " ind2=" "><marc:subfield code="a">text</marc:subfield><marc:subfield code="2">rdacontent</marc:subfield></marc:datafield><marc:datafield tag="337" ind1=" " ind2=" "><marc:subfield code="a">computer</marc:subfield><marc:subfield code="2">rdamedia</marc:subfield></marc:datafield><marc:datafield tag="338" ind1=" " ind2=" "><marc:subfield code="a">online resource</marc:subfield><marc:subfield code="2">rdacarrier</marc:subfield></marc:datafield><marc:datafield tag="490" ind1="1" ind2=" "><marc:subfield code="a">NIST special publication ;</marc:subfield><marc:subfield code="v">1175</marc:subfield></marc:datafield><marc:datafield tag="500" ind1=" " ind2=" "><marc:subfield code="a">Contributed record: Metadata reviewed, not verified. Some fields updated by batch processes.</marc:subfield></marc:datafield><marc:datafield tag="500" ind1=" " ind2=" "><marc:subfield code="a">September 2015.</marc:subfield></marc:datafield><marc:datafield tag="500" ind1=" " ind2=" "><marc:subfield code="a">Title from PDF title page (viewed September 30, 2015).</marc:subfield></marc:datafield><marc:datafield tag="504" ind1=" " ind2=" "><marc:subfield code="a">Includes bibliographical references.</marc:subfield></marc:datafield><marc:datafield tag="520" ind1="3" ind2=" "><marc:subfield code="a">Recent development of accurate instruments for measuring greenhouse gas concentrations and the ability to mount them in ground-based vehicles has provided an opportunity to make temporally and spatially resolved measurements in the vicinity of suspected source locations, and for subsequently estimating the source location and strength. The basic approach of using downwind atmospheric measurements in an inversion methodology to predict the source strength and location is an ill-posed problem and results in large uncertainty. In this report, we present a new measurement methodology for reducing the uncertainty in predicting source strength from downwind measurements associated with inverse modeling. In order to demonstrate the approach, an inversion methodology built around a plume dispersion model is developed.^Synthetic data derived from an assumed source distribution is used to compare and contrast the predicted source strength and location.^The effect of introducing various levels of noise in the synthetic data or uncertainty in meteorological variables on the inversion methodology is studied. Results indicate that the use of noisy measurement data had a small effect on the total predicted source strength, but gave rise to several spurious sources (in many cases 8-10 sources were detected, while the assumed source distribution only consisted of 2 sources). Use of noisy measurement data for inversion also introduced large uncertainty in the location of the predicted sources. A mathematical model for estimating an upper bound on the uncertainty, and a bootstrap statistical approach for determining the variability in the predicted source distribution is demonstrated.^The new measurement methodology, which involves using measurement data from two or more wind directions, combined together as part of a single inversion process is presented.^Results of the bootstrap process indicated that the uncertainty in locating sources reduced significantly when measurements are made using the new proposed measurement approach. The proposed measurement system can be significant in determining emission inventories in urban domains at a high level of reliability, and for studying the role of remediation measures.</marc:subfield></marc:datafield><marc:datafield tag="650" ind1=" " ind2="0"><marc:subfield code="a">Greenhouse gas emissions</marc:subfield></marc:datafield><marc:datafield tag="650" ind1=" " ind2="0"><marc:subfield code="a">Quality control</marc:subfield></marc:datafield><marc:datafield tag="700" ind1="1" ind2=" "><marc:subfield code="a">Hu, Heming.</marc:subfield></marc:datafield><marc:datafield tag="700" ind1="1" ind2=" "><marc:subfield code="a">Lopez-Coto, Israel.</marc:subfield></marc:datafield><marc:datafield tag="700" ind1="1" ind2=" "><marc:subfield code="a">Ngo, Dennis.</marc:subfield></marc:datafield><marc:datafield tag="700" ind1="1" ind2=" "><marc:subfield code="a">Pintar, Adam.</marc:subfield></marc:datafield><marc:datafield tag="700" ind1="1" ind2=" "><marc:subfield code="a">Prasad, Kuldeep.</marc:subfield></marc:datafield><marc:datafield tag="700" ind1="1" ind2=" "><marc:subfield code="a">Whetstone, James R.</marc:subfield></marc:datafield><marc:datafield tag="710" ind1="2" ind2=" "><marc:subfield code="a">National Institute of Standards and Technology (U.S.)</marc:subfield><marc:subfield code="b">Engineering Laboratory.</marc:subfield></marc:datafield><marc:datafield tag="830" ind1=" " ind2="0"><marc:subfield code="a">NIST special publication ;</marc:subfield><marc:subfield code="v">1175.</marc:subfield></marc:datafield><marc:datafield tag="856" ind1="4" ind2=" "><marc:subfield code="u">https://doi.org/10.6028/NIST.SP.1175</marc:subfield></marc:datafield><marc:datafield tag="856" ind1="4" ind2=" "><marc:subfield code="z">Address at time of PURL creation</marc:subfield><marc:subfield code="u">https://www.govinfo.gov/content/pkg/GOVPUB-C13-0353deb555be1a558f57d6b82368ba75/pdf/GOVPUB-C13-0353deb555be1a558f57d6b82368ba75.pdf</marc:subfield></marc:datafield><marc:datafield tag="856" ind1="4" ind2="0"><marc:subfield code="u">https://purl.fdlp.gov/GPO/gpo94400</marc:subfield></marc:datafield><marc:datafield tag="922" ind1=" " ind2=" "><marc:subfield code="a">Batch-processed</marc:subfield></marc:datafield><marc:datafield tag="922" ind1=" " ind2=" "><marc:subfield code="a">NIST-1</marc:subfield><marc:subfield code="b">20180815</marc:subfield></marc:datafield></marc:record>