
<marc:record><marc:leader>04329aam a2200433Ii 4500</marc:leader>
<marc:controlfield tag="001">001076023</marc:controlfield>
<marc:controlfield tag="005">20160926090654.0</marc:controlfield><marc:controlfield tag="008">160921s2015    mdu     ot   f000 0 eng d</marc:controlfield><marc:datafield tag="024" ind1="8" ind2=" "><marc:subfield code="a">GOVPUB-C13-91cd240583b853810c5023950d90dc43</marc:subfield></marc:datafield><marc:datafield tag="035" ind1=" " ind2=" "><marc:subfield code="a">(OCoLC)958885884</marc:subfield></marc:datafield><marc:datafield tag="040" ind1=" " ind2=" "><marc:subfield code="a">NBS</marc:subfield><marc:subfield code="b">eng</marc:subfield><marc:subfield code="e">pn</marc:subfield><marc:subfield code="e">rda</marc:subfield><marc:subfield code="c">NBS</marc:subfield><marc:subfield code="d">GPO</marc:subfield><marc:subfield code="d">NBS</marc:subfield></marc:datafield><marc:datafield tag="074" ind1=" " ind2=" "><marc:subfield code="a">0247 (online)</marc:subfield></marc:datafield><marc:datafield tag="086" ind1="0" ind2=" "><marc:subfield code="a">C 13.10:260-182</marc:subfield></marc:datafield><marc:datafield tag="090" ind1=" " ind2=" "><marc:subfield code="a">QC100</marc:subfield><marc:subfield code="b">.U57 260-182 2015</marc:subfield></marc:datafield><marc:datafield tag="100" ind1="1" ind2=" "><marc:subfield code="a">Olivas, Alex.</marc:subfield></marc:datafield><marc:datafield tag="245" ind1="1" ind2="0"><marc:subfield code="a">Re-certification of SRM 2492 :</marc:subfield><marc:subfield code="b">Bingham Paste Mixture for rheological measurements /</marc:subfield><marc:subfield code="c">Alex Olivas; Chiara F. Ferraris; William F. Guthrie; Blaza Toman.</marc:subfield></marc:datafield><marc:datafield tag="264" ind1=" " ind2="1"><marc:subfield code="a">Gaithersburg, MD :</marc:subfield><marc:subfield code="b">U.S. Dept. of Commerce, National Institute of Standards and Technology,</marc:subfield><marc:subfield code="c">2015.</marc:subfield></marc:datafield><marc:datafield tag="300" ind1=" " ind2=" "><marc:subfield code="a">1 online resource (121 pages) :</marc:subfield><marc:subfield code="b">illustrations (color).</marc:subfield></marc:datafield><marc:datafield tag="336" ind1=" " ind2=" "><marc:subfield code="a">text</marc:subfield><marc:subfield code="2">rdacontent</marc:subfield></marc:datafield><marc:datafield tag="337" ind1=" " ind2=" "><marc:subfield code="a">computer</marc:subfield><marc:subfield code="2">rdamedia</marc:subfield></marc:datafield><marc:datafield tag="338" ind1=" " ind2=" "><marc:subfield code="a">online resource</marc:subfield><marc:subfield code="2">rdacarrier</marc:subfield></marc:datafield><marc:datafield tag="490" ind1="1" ind2=" "><marc:subfield code="a">NIST special publication ;</marc:subfield><marc:subfield code="v">260-182</marc:subfield></marc:datafield><marc:datafield tag="500" ind1=" " ind2=" "><marc:subfield code="a">August 2015.</marc:subfield></marc:datafield><marc:datafield tag="500" ind1=" " ind2=" "><marc:subfield code="a">Contributed record: Metadata reviewed, not verified. Some fields updated by batch processes.</marc:subfield></marc:datafield><marc:datafield tag="500" ind1=" " ind2=" "><marc:subfield code="a">Title from PDF title page (viewed August 30, 2015).</marc:subfield></marc:datafield><marc:datafield tag="504" ind1=" " ind2=" "><marc:subfield code="a">Includes bibliographical references.</marc:subfield></marc:datafield><marc:datafield tag="520" ind1="3" ind2=" "><marc:subfield code="a">Rheological measurements are often performed using a rotational rheometer. In this type of rheometer, the tested fluid is sheared between two surfaces, one of which is rotating [1]. Usually, an angular velocity is imposed on the fluid (through the rotating surface) and this angular velocity determines the shear rate the fluid is subjected to. The response of the material is monitored by the measurement of the resultant torque on the shaft of the rheometer; this torque can then be converted to shear stress. In order to calibrate a rheometer, a standard oil of known viscosity should be tested in the rheometer to verify that the instrument is operating correctly. However, these standard oils are expensive; which makes it impractical for use in calibrating with the rheometer with a large capacity as needed for concrete.^Additional, these standard oils that are not suspensions (i.e.^they do not have solid particles suspended in the media), and thus using them may not capture some issues that may occur in a suspension rheology. Therefore, a relatively inexpensive, reference material is needed that incorporates aggregates for concrete rheometers. As concrete and mortar are non-Newtonian, the reference material should also be non-Newtonian. This report follows the development and serves as re-certification of a Standard Reference Material (SRM) for cement paste [2]. A multiscale approach will be utilized to develop SRMs for mortar and concrete in the future. The SRM 2492 will be the matrix fluid for a mortar SRM that will in turn become the matrix fluid for a concrete SRM.^The report SP 260-174 Rev.2012 [2] describes how this SRM 2492, a Bingham Paste Mixture for Rheological Measurements was developed and provides all the details on the various ingredients.^After an inter-laboratory study under the sponsorship of the American Concrete Institute (ACI) committee 238, Workability of Fresh Concrete, it was found that the instructions provided to prepare the SRM were inadequate to obtain reproducible data in all laboratories. Thus after establishing a better preparation method, new instructions were drafted and it was found that the certified values were no longer valid. Thus, it was necessary to redo a series of testing to obtain a new certified value. This report provides all measurements obtained, the calculation of the new rheological characteristics and the statistical analyses.</marc:subfield></marc:datafield><marc:datafield tag="650" ind1=" " ind2="0"><marc:subfield code="a">Standard reference materials</marc:subfield></marc:datafield><marc:datafield tag="700" ind1="1" ind2=" "><marc:subfield code="a">Ferraris, Chiara F.</marc:subfield></marc:datafield><marc:datafield tag="700" ind1="1" ind2=" "><marc:subfield code="a">Guthrie, William F.</marc:subfield></marc:datafield><marc:datafield tag="700" ind1="1" ind2=" "><marc:subfield code="a">Olivas, Alex.</marc:subfield></marc:datafield><marc:datafield tag="700" ind1="1" ind2=" "><marc:subfield code="a">Toman, Blaza.</marc:subfield></marc:datafield><marc:datafield tag="710" ind1="2" ind2=" "><marc:subfield code="a">National Institute of Standards and Technology (U.S.)</marc:subfield><marc:subfield code="b">Engineering Laboratory.</marc:subfield><marc:subfield code="b">Information Technology Laboratory.</marc:subfield></marc:datafield><marc:datafield tag="830" ind1=" " ind2="0"><marc:subfield code="a">NIST special publication ;</marc:subfield><marc:subfield code="v">260-182.</marc:subfield></marc:datafield><marc:datafield tag="856" ind1="4" ind2=" "><marc:subfield code="u">https://doi.org/10.6028/NIST.SP.260-182</marc:subfield></marc:datafield><marc:datafield tag="856" ind1="4" ind2=" "><marc:subfield code="z">Address at time of PURL creation</marc:subfield><marc:subfield code="u">https://www.govinfo.gov/content/pkg/GOVPUB-C13-91cd240583b853810c5023950d90dc43/pdf/GOVPUB-C13-91cd240583b853810c5023950d90dc43.pdf</marc:subfield></marc:datafield><marc:datafield tag="856" ind1="4" ind2="0"><marc:subfield code="u">https://purl.fdlp.gov/GPO/gpo100686</marc:subfield></marc:datafield><marc:datafield tag="922" ind1=" " ind2=" "><marc:subfield code="a">Batch-processed</marc:subfield></marc:datafield><marc:datafield tag="922" ind1=" " ind2=" "><marc:subfield code="a">NIST-1</marc:subfield><marc:subfield code="b">20180815</marc:subfield></marc:datafield></marc:record>